%YAML 1.1
%TAG !u! tag:unity3d.com,2011:
--- !u!1 &2494210360758253127
GameObject:
  m_ObjectHideFlags: 0
  m_CorrespondingSourceObject: {fileID: 0}
  m_PrefabInstance: {fileID: 0}
  m_PrefabAsset: {fileID: 0}
  serializedVersion: 6
  m_Component:
  - component: {fileID: 2494210360758253121}
  - component: {fileID: 4439511314198379850}
  m_Layer: 0
  m_Name: HeavyGhostObject
  m_TagString: Untagged
  m_Icon: {fileID: 0}
  m_NavMeshLayer: 0
  m_StaticEditorFlags: 0
  m_IsActive: 1
--- !u!4 &2494210360758253121
Transform:
  m_ObjectHideFlags: 0
  m_CorrespondingSourceObject: {fileID: 0}
  m_PrefabInstance: {fileID: 0}
  m_PrefabAsset: {fileID: 0}
  m_GameObject: {fileID: 2494210360758253127}
  m_LocalRotation: {x: 0, y: 1, z: 0, w: 0}
  m_LocalPosition: {x: 1.1100837, y: 2.189394, z: -1.287772}
  m_LocalScale: {x: 1, y: 1, z: 1}
  m_Children:
  - {fileID: 6030241962775858474}
  m_Father: {fileID: 0}
  m_RootOrder: 0
  m_LocalEulerAnglesHint: {x: 0, y: 180, z: 0}
--- !u!114 &4439511314198379850
MonoBehaviour:
  m_ObjectHideFlags: 0
  m_CorrespondingSourceObject: {fileID: 0}
  m_PrefabInstance: {fileID: 0}
  m_PrefabAsset: {fileID: 0}
  m_GameObject: {fileID: 2494210360758253127}
  m_Enabled: 1
  m_EditorHideFlags: 0
  m_Script: {fileID: 11500000, guid: 937fdb5cefd09804390cbd13df1d4f53, type: 3}
  m_Name: 
  m_EditorClassIdentifier: 
  animator: {fileID: 0}
  target: {fileID: 0}
  player: {fileID: 0}
  timer: 0
  catchTimer: 0
  fxObject: {fileID: 2031417330997799945}
  mesh: {fileID: 2374938449522831199}
  mat1: {fileID: 2100000, guid: 9a47b6077f52a4d4db11f2f2d6e80e90, type: 2}
  mat2: {fileID: 2100000, guid: 8f3ec40f1caa1e94d9a6aedd00555c7d, type: 2}
  ghostTrap: {fileID: 0}
  trapped: 0
  unveiled: 0
  ghostSpeed: 3
  meshRenderers:
  - {fileID: 3246325906358773270}
  - {fileID: 4361129866945750913}
--- !u!95 &7725940735308670196
Animator:
  serializedVersion: 3
  m_ObjectHideFlags: 0
  m_CorrespondingSourceObject: {fileID: 0}
  m_PrefabInstance: {fileID: 0}
  m_PrefabAsset: {fileID: 0}
  m_GameObject: {fileID: 6405360779198502800}
  m_Enabled: 1
  m_Avatar: {fileID: 0}
  m_Controller: {fileID: 9100000, guid: b577f025fb8fcbb41a68cc2cbe6ef18a, type: 2}
  m_CullingMode: 0
  m_UpdateMode: 0
  m_ApplyRootMotion: 0
  m_LinearVelocityBlending: 0
  m_WarningMessage: 
  m_HasTransformHierarchy: 1
  m_AllowConstantClipSamplingOptimization: 1
  m_KeepAnimatorControllerStateOnDisable: 0
--- !u!54 &6418903490359176094
Rigidbody:
  m_ObjectHideFlags: 0
  m_CorrespondingSourceObject: {fileID: 0}
  m_PrefabInstance: {fileID: 0}
  m_PrefabAsset: {fileID: 0}
  m_GameObject: {fileID: 6893150573954570405}
  serializedVersion: 2
  m_Mass: 1
  m_Drag: 0
  m_AngularDrag: 0.05
  m_UseGravity: 0
  m_IsKinematic: 0
  m_Interpolate: 0
  m_Constraints: 0
  m_CollisionDetection: 0
--- !u!136 &6112851675899679136
CapsuleCollider:
  m_ObjectHideFlags: 0
  m_CorrespondingSourceObject: {fileID: 0}
  m_PrefabInstance: {fileID: 0}
  m_PrefabAsset: {fileID: 0}
  m_GameObject: {fileID: 6893150573954570405}
  m_Material: {fileID: 0}
  m_IsTrigger: 0
  m_Enabled: 1
  m_Radius: 0.03
  m_Height: 0.006
  m_Direction: 1
  m_Center: {x: 0.00000257371, y: 0.0028323587, z: -0.0064734244}
--- !u!114 &288499661330261233
MonoBehaviour:
  m_ObjectHideFlags: 0
  m_CorrespondingSourceObject: {fileID: 0}
  m_PrefabInstance: {fileID: 0}
  m_PrefabAsset: {fileID: 0}
  m_GameObject: {fileID: 6893150573954570405}
  m_Enabled: 1
  m_EditorHideFlags: 0
  m_Script: {fileID: 11500000, guid: 3bc5c31ef1298814f8a68c950a90bddc, type: 3}
  m_Name: 
  m_EditorClassIdentifier: 
  HP: 3
  ghostScript: {fileID: 4439511314198379850}
--- !u!1001 &310345289389704779
PrefabInstance:
  m_ObjectHideFlags: 0
  serializedVersion: 2
  m_Modification:
    m_TransformParent: {fileID: 6030241962775858474}
    m_Modifications:
    - target: {fileID: 1765299083317619266, guid: 6a506dfa8b8007d45a05b02a1e239375,
        type: 3}
      propertyPath: m_Name
      value: FXTrap
      objectReference: {fileID: 0}
    - target: {fileID: 1765299083317619266, guid: 6a506dfa8b8007d45a05b02a1e239375,
        type: 3}
      propertyPath: m_IsActive
      value: 0
      objectReference: {fileID: 0}
    - target: {fileID: 6945921357901290463, guid: 6a506dfa8b8007d45a05b02a1e239375,
        type: 3}
      propertyPath: m_Materials.Array.data[0]
      value: 
      objectReference: {fileID: 2100000, guid: 6d78c45628b5e554fab18e89b1250b0e, type: 2}
    - target: {fileID: 8175821548342904079, guid: 6a506dfa8b8007d45a05b02a1e239375,
        type: 3}
      propertyPath: m_Materials.Array.data[0]
      value: 
      objectReference: {fileID: 2100000, guid: 6d78c45628b5e554fab18e89b1250b0e, type: 2}
    - target: {fileID: 8951381054916179500, guid: 6a506dfa8b8007d45a05b02a1e239375,
        type: 3}
      propertyPath: m_RootOrder
      value: 3
      objectReference: {fileID: 0}
    - target: {fileID: 8951381054916179500, guid: 6a506dfa8b8007d45a05b02a1e239375,
        type: 3}
      propertyPath: m_LocalPosition.x
      value: 0
      objectReference: {fileID: 0}
    - target: {fileID: 8951381054916179500, guid: 6a506dfa8b8007d45a05b02a1e239375,
        type: 3}
      propertyPath: m_LocalPosition.y
      value: 0
      objectReference: {fileID: 0}
    - target: {fileID: 8951381054916179500, guid: 6a506dfa8b8007d45a05b02a1e239375,
        type: 3}
      propertyPath: m_LocalPosition.z
      value: 0
      objectReference: {fileID: 0}
    - target: {fileID: 8951381054916179500, guid: 6a506dfa8b8007d45a05b02a1e239375,
        type: 3}
      propertyPath: m_LocalRotation.w
      value: 0.70710784
      objectReference: {fileID: 0}
    - target: {fileID: 8951381054916179500, guid: 6a506dfa8b8007d45a05b02a1e239375,
        type: 3}
      propertyPath: m_LocalRotation.x
      value: -0.70710576
      objectReference: {fileID: 0}
    - target: {fileID: 8951381054916179500, guid: 6a506dfa8b8007d45a05b02a1e239375,
        type: 3}
      propertyPath: m_LocalRotation.y
      value: -0
      objectReference: {fileID: 0}
    - target: {fileID: 8951381054916179500, guid: 6a506dfa8b8007d45a05b02a1e239375,
        type: 3}
      propertyPath: m_LocalRotation.z
      value: -0
      objectReference: {fileID: 0}
    - target: {fileID: 8951381054916179500, guid: 6a506dfa8b8007d45a05b02a1e239375,
        type: 3}
      propertyPath: m_LocalEulerAnglesHint.x
      value: -90.00001
      objectReference: {fileID: 0}
    - target: {fileID: 8951381054916179500, guid: 6a506dfa8b8007d45a05b02a1e239375,
        type: 3}
      propertyPath: m_LocalEulerAnglesHint.y
      value: 0
      objectReference: {fileID: 0}
    - target: {fileID: 8951381054916179500, guid: 6a506dfa8b8007d45a05b02a1e239375,
        type: 3}
      propertyPath: m_LocalEulerAnglesHint.z
      value: 0
      objectReference: {fileID: 0}
    m_RemovedComponents: []
  m_SourcePrefab: {fileID: 100100000, guid: 6a506dfa8b8007d45a05b02a1e239375, type: 3}
--- !u!1 &2031417330997799945 stripped
GameObject:
  m_CorrespondingSourceObject: {fileID: 1765299083317619266, guid: 6a506dfa8b8007d45a05b02a1e239375,
    type: 3}
  m_PrefabInstance: {fileID: 310345289389704779}
  m_PrefabAsset: {fileID: 0}
--- !u!1001 &6063252889572584129
PrefabInstance:
  m_ObjectHideFlags: 0
  serializedVersion: 2
  m_Modification:
    m_TransformParent: {fileID: 2494210360758253121}
    m_Modifications:
    - target: {fileID: -8679921383154817045, guid: 068664b1c18620d479b50dcae7a167f1,
        type: 3}
      propertyPath: m_RootOrder
      value: 0
      objectReference: {fileID: 0}
    - target: {fileID: -8679921383154817045, guid: 068664b1c18620d479b50dcae7a167f1,
        type: 3}
      propertyPath: m_LocalPosition.x
      value: 0
      objectReference: {fileID: 0}
    - target: {fileID: -8679921383154817045, guid: 068664b1c18620d479b50dcae7a167f1,
        type: 3}
      propertyPath: m_LocalPosition.y
      value: 0
      objectReference: {fileID: 0}
    - target: {fileID: -8679921383154817045, guid: 068664b1c18620d479b50dcae7a167f1,
        type: 3}
      propertyPath: m_LocalPosition.z
      value: 0
      objectReference: {fileID: 0}
    - target: {fileID: -8679921383154817045, guid: 068664b1c18620d479b50dcae7a167f1,
        type: 3}
      propertyPath: m_LocalRotation.w
      value: 1
      objectReference: {fileID: 0}
    - target: {fileID: -8679921383154817045, guid: 068664b1c18620d479b50dcae7a167f1,
        type: 3}
      propertyPath: m_LocalRotation.x
      value: 0
      objectReference: {fileID: 0}
    - target: {fileID: -8679921383154817045, guid: 068664b1c18620d479b50dcae7a167f1,
        type: 3}
      propertyPath: m_LocalRotation.y
      value: 0
      objectReference: {fileID: 0}
    - target: {fileID: -8679921383154817045, guid: 068664b1c18620d479b50dcae7a167f1,
        type: 3}
      propertyPath: m_LocalRotation.z
      value: 0
      objectReference: {fileID: 0}
    - target: {fileID: -8679921383154817045, guid: 068664b1c18620d479b50dcae7a167f1,
        type: 3}
      propertyPath: m_LocalEulerAnglesHint.x
      value: 0
      objectReference: {fileID: 0}
    - target: {fileID: -8679921383154817045, guid: 068664b1c18620d479b50dcae7a167f1,
        type: 3}
      propertyPath: m_LocalEulerAnglesHint.y
      value: 0
      objectReference: {fileID: 0}
    - target: {fileID: -8679921383154817045, guid: 068664b1c18620d479b50dcae7a167f1,
        type: 3}
      propertyPath: m_LocalEulerAnglesHint.z
      value: 0
      objectReference: {fileID: 0}
    - target: {fileID: -8391222552659086748, guid: 068664b1c18620d479b50dcae7a167f1,
        type: 3}
      propertyPath: m_Layer
      value: 8
      objectReference: {fileID: 0}
    - target: {fileID: -8391222552659086748, guid: 068664b1c18620d479b50dcae7a167f1,
        type: 3}
      propertyPath: m_IsActive
      value: 1
      objectReference: {fileID: 0}
    - target: {fileID: -8391222552659086748, guid: 068664b1c18620d479b50dcae7a167f1,
        type: 3}
      propertyPath: m_TagString
      value: Ghost
      objectReference: {fileID: 0}
    - target: {fileID: -4683669308469848369, guid: 068664b1c18620d479b50dcae7a167f1,
        type: 3}
      propertyPath: m_Materials.Array.data[0]
      value: 
      objectReference: {fileID: 2100000, guid: 9a47b6077f52a4d4db11f2f2d6e80e90, type: 2}
    - target: {fileID: -2932998491564163895, guid: 068664b1c18620d479b50dcae7a167f1,
        type: 3}
      propertyPath: m_IsActive
      value: 1
      objectReference: {fileID: 0}
    - target: {fileID: -1684107799473140416, guid: 068664b1c18620d479b50dcae7a167f1,
        type: 3}
      propertyPath: m_Enabled
      value: 0
      objectReference: {fileID: 0}
    - target: {fileID: -1684107799473140416, guid: 068664b1c18620d479b50dcae7a167f1,
        type: 3}
      propertyPath: m_Materials.Array.data[0]
      value: 
      objectReference: {fileID: 2100000, guid: 8f3ec40f1caa1e94d9a6aedd00555c7d, type: 2}
    - target: {fileID: 919132149155446097, guid: 068664b1c18620d479b50dcae7a167f1,
        type: 3}
      propertyPath: m_Name
      value: heavyGhost
      objectReference: {fileID: 0}
    - target: {fileID: 5914173764048766335, guid: 068664b1c18620d479b50dcae7a167f1,
        type: 3}
      propertyPath: m_IsActive
      value: 1
      objectReference: {fileID: 0}
    - target: {fileID: 8417361359673230750, guid: 068664b1c18620d479b50dcae7a167f1,
        type: 3}
      propertyPath: m_Enabled
      value: 0
      objectReference: {fileID: 0}
    - target: {fileID: 8417361359673230750, guid: 068664b1c18620d479b50dcae7a167f1,
        type: 3}
      propertyPath: m_DirtyAABB
      value: 0
      objectReference: {fileID: 0}
    - target: {fileID: 8417361359673230750, guid: 068664b1c18620d479b50dcae7a167f1,
        type: 3}
      propertyPath: m_AABB.m_Center.x
      value: 0.00000257371
      objectReference: {fileID: 0}
    - target: {fileID: 8417361359673230750, guid: 068664b1c18620d479b50dcae7a167f1,
        type: 3}
      propertyPath: m_AABB.m_Center.y
      value: 0.0014176033
      objectReference: {fileID: 0}
    - target: {fileID: 8417361359673230750, guid: 068664b1c18620d479b50dcae7a167f1,
        type: 3}
      propertyPath: m_AABB.m_Center.z
      value: -0.0064734253
      objectReference: {fileID: 0}
    - target: {fileID: 8417361359673230750, guid: 068664b1c18620d479b50dcae7a167f1,
        type: 3}
      propertyPath: m_AABB.m_Extent.x
      value: 0.012559952
      objectReference: {fileID: 0}
    - target: {fileID: 8417361359673230750, guid: 068664b1c18620d479b50dcae7a167f1,
        type: 3}
      propertyPath: m_AABB.m_Extent.y
      value: 0.019709386
      objectReference: {fileID: 0}
    - target: {fileID: 8417361359673230750, guid: 068664b1c18620d479b50dcae7a167f1,
        type: 3}
      propertyPath: m_AABB.m_Extent.z
      value: 0.01840003
      objectReference: {fileID: 0}
    - target: {fileID: 8417361359673230750, guid: 068664b1c18620d479b50dcae7a167f1,
        type: 3}
      propertyPath: m_Materials.Array.data[0]
      value: 
      objectReference: {fileID: 2100000, guid: 9a47b6077f52a4d4db11f2f2d6e80e90, type: 2}
    - target: {fileID: 8417361359673230750, guid: 068664b1c18620d479b50dcae7a167f1,
        type: 3}
      propertyPath: m_Materials.Array.data[1]
      value: 
      objectReference: {fileID: 2100000, guid: 622af6e9fa0f84f4aaec72faead37d0a, type: 2}
    - target: {fileID: 8417361359673230750, guid: 068664b1c18620d479b50dcae7a167f1,
        type: 3}
      propertyPath: m_BlendShapeWeights.Array.size
      value: 2
      objectReference: {fileID: 0}
    - target: {fileID: 8417361359673230750, guid: 068664b1c18620d479b50dcae7a167f1,
        type: 3}
      propertyPath: m_BlendShapeWeights.Array.data[0]
      value: 100
      objectReference: {fileID: 0}
    - target: {fileID: 8417361359673230750, guid: 068664b1c18620d479b50dcae7a167f1,
        type: 3}
      propertyPath: m_BlendShapeWeights.Array.data[1]
      value: 93.8
      objectReference: {fileID: 0}
    - target: {fileID: 8730303016566787287, guid: 068664b1c18620d479b50dcae7a167f1,
        type: 3}
      propertyPath: m_Enabled
      value: 0
      objectReference: {fileID: 0}
    - target: {fileID: 8730303016566787287, guid: 068664b1c18620d479b50dcae7a167f1,
        type: 3}
      propertyPath: m_Materials.Array.data[0]
      value: 
      objectReference: {fileID: 2100000, guid: 8f3ec40f1caa1e94d9a6aedd00555c7d, type: 2}
    m_RemovedComponents: []
  m_SourcePrefab: {fileID: 100100000, guid: 068664b1c18620d479b50dcae7a167f1, type: 3}
--- !u!1 &6405360779198502800 stripped
GameObject:
  m_CorrespondingSourceObject: {fileID: 919132149155446097, guid: 068664b1c18620d479b50dcae7a167f1,
    type: 3}
  m_PrefabInstance: {fileID: 6063252889572584129}
  m_PrefabAsset: {fileID: 0}
--- !u!4 &6030241962775858474 stripped
Transform:
  m_CorrespondingSourceObject: {fileID: -8679921383154817045, guid: 068664b1c18620d479b50dcae7a167f1,
    type: 3}
  m_PrefabInstance: {fileID: 6063252889572584129}
  m_PrefabAsset: {fileID: 0}
--- !u!1 &6893150573954570405 stripped
GameObject:
  m_CorrespondingSourceObject: {fileID: -8391222552659086748, guid: 068664b1c18620d479b50dcae7a167f1,
    type: 3}
  m_PrefabInstance: {fileID: 6063252889572584129}
  m_PrefabAsset: {fileID: 0}
--- !u!137 &2374938449522831199 stripped
SkinnedMeshRenderer:
  m_CorrespondingSourceObject: {fileID: 8417361359673230750, guid: 068664b1c18620d479b50dcae7a167f1,
    type: 3}
  m_PrefabInstance: {fileID: 6063252889572584129}
  m_PrefabAsset: {fileID: 0}
--- !u!23 &3246325906358773270 stripped
MeshRenderer:
  m_CorrespondingSourceObject: {fileID: 8730303016566787287, guid: 068664b1c18620d479b50dcae7a167f1,
    type: 3}
  m_PrefabInstance: {fileID: 6063252889572584129}
  m_PrefabAsset: {fileID: 0}
--- !u!23 &4361129866945750913 stripped
MeshRenderer:
  m_CorrespondingSourceObject: {fileID: -1684107799473140416, guid: 068664b1c18620d479b50dcae7a167f1,
    type: 3}
  m_PrefabInstance: {fileID: 6063252889572584129}
  m_PrefabAsset: {fileID: 0}
